%% This BibTeX bibliography file was created using BibDesk.
%% http://bibdesk.sourceforge.net/

%% Created for David Ramsay at 2016-08-20 16:34:56 -0400 


%% Saved with string encoding Unicode (UTF-8) 


@string{acm = {The OX Association for Computing Machinery}}

@string{stoc = {Symposium on the Theory of Computing}}

@string{stoc-key = {OX{\singleletter{stoc}}}}


@article{wind,
	Author = {Cheng Liu and others},
	Date-Added = {2016-08-20 20:33:38 +0000},
	Date-Modified = {2016-08-20 20:34:54 +0000},
	Journal = {9th International Conference on Nano/Micro Engineered and Molecular Systems (NEMS)},
	Pages = {517-520},
	Title = {A directional anemometer based on MEMS differential pressure sensors},
	Year = {2014}}

@inbook{particulate,
	Author = {Alfred H. Lowrey and Lance A. Wallace and others},
	Chapter = {10: Concentrations of Combustion Particulates in Outdoor and Indoor Environments},
	Date-Added = {2016-08-19 21:16:11 +0000},
	Date-Modified = {2016-08-19 21:55:47 +0000},
	Editor = {I. Hargittai and T. Vidoczy},
	Pages = {175-211},
	Publisher = {Plenum Press},
	Title = {Combustion Efficiency and Air Quality},
	Year = {1995}}

@article{Trevino1999,
	Author = {C. Trevi{\~n}o and F. M{\'e}ndez},
	Date-Added = {2016-08-19 18:18:00 +0000},
	Date-Modified = {2016-08-19 18:18:15 +0000},
	Doi = {http://dx.doi.org/10.1016/S1352-2310(98)00304-5},
	Issn = {1352-2310},
	Journal = {Atmospheric Environment},
	Keywords = {Kinetics},
	Number = {7},
	Pages = {1103 - 1110},
	Title = {Simplified model for the prediction of ozone generation in polluted urban areas with continuous precursor species emissions},
	Url = {http://www.sciencedirect.com/science/article/pii/S1352231098003045},
	Volume = {33},
	Year = {1999},
	Bdsk-Url-1 = {http://www.sciencedirect.com/science/article/pii/S1352231098003045},
	Bdsk-Url-2 = {http://dx.doi.org/10.1016/S1352-2310(98)00304-5}}

@article{houstonvoc,
	Author = {Eduardo P. Olaguer},
	Date-Added = {2016-08-19 18:15:20 +0000},
	Date-Modified = {2016-08-19 18:16:06 +0000},
	Journal = {Journal of the Air & Waste Management Association},
	Number = {8},
	Pages = {978-988},
	Title = {Near-source air quality impacts of large olefin flares},
	Volume = {62},
	Year = {2012},
	Bdsk-File-1 = {YnBsaXN0MDDUAQIDBAUGJCVYJHZlcnNpb25YJG9iamVjdHNZJGFyY2hpdmVyVCR0b3ASAAGGoKgHCBMUFRYaIVUkbnVsbNMJCgsMDxJXTlMua2V5c1pOUy5vYmplY3RzViRjbGFzc6INDoACgAOiEBGABIAFgAdccmVsYXRpdmVQYXRoWWFsaWFzRGF0YV8QKy4uLy4uLy4uLy4uL0Rvd25sb2Fkcy9TMTM1MjIzMTA5ODAwMzA0NS5iaWLSFwsYGVdOUy5kYXRhTxEBpgAAAAABpgACAAAMTWFjaW50b3NoIEhEAAAAAAAAAAAAAAAAAAAA0FwJJ0grAAAACUBfFVMxMzUyMjMxMDk4MDAzMDQ1LmJpYgAAAAAAAAAAAAAAAAAAAAAAAAAAAAAAAAAAAAAAAAAAAAAAAAAAAAAAAAPpacHT3MVgAAAAAAAAAAAABAACAAAJIAAAAAAAAAAAAAAAAAAAAAlEb3dubG9hZHMAABAACAAA0FxBZwAAABEACAAA09z9oAAAAAEADAAJQF8ACUBcAAKT1QACAEFNYWNpbnRvc2ggSEQ6VXNlcnM6AGRhdmlkcmFtc2F5OgBEb3dubG9hZHM6AFMxMzUyMjMxMDk4MDAzMDQ1LmJpYgAADgAsABUAUwAxADMANQAyADIAMwAxADAAOQA4ADAAMAAzADAANAA1AC4AYgBpAGIADwAaAAwATQBhAGMAaQBuAHQAbwBzAGgAIABIAEQAEgAxVXNlcnMvZGF2aWRyYW1zYXkvRG93bmxvYWRzL1MxMzUyMjMxMDk4MDAzMDQ1LmJpYgAAEwABLwAAFQACABL//wAAgAbSGxwdHlokY2xhc3NuYW1lWCRjbGFzc2VzXU5TTXV0YWJsZURhdGGjHR8gVk5TRGF0YVhOU09iamVjdNIbHCIjXE5TRGljdGlvbmFyeaIiIF8QD05TS2V5ZWRBcmNoaXZlctEmJ1Ryb290gAEACAARABoAIwAtADIANwBAAEYATQBVAGAAZwBqAGwAbgBxAHMAdQB3AIQAjgC8AMEAyQJzAnUCegKFAo4CnAKgAqcCsAK1AsICxQLXAtoC3wAAAAAAAAIBAAAAAAAAACgAAAAAAAAAAAAAAAAAAALh}}

@techreport{ozonehouston,
	Author = {Steven G. Brown and Paul T. Roberts and others},
	Date-Added = {2016-08-19 18:12:35 +0000},
	Date-Modified = {2016-08-19 18:14:06 +0000},
	Institution = {Sonoma Technology, Inc. Presented at TCEQ State of the Science Meeting},
	Title = {Characterization of 2001 Ozone Event-Triggered VOC and Carbonyl Samples in Houston},
	Year = {2002}}

@article{evan,
	Author = {Evan Lynch and Joseph Paradiso},
	Date-Added = {2016-08-19 05:46:16 +0000},
	Date-Modified = {2016-08-19 05:47:30 +0000},
	Journal = {New Interfaces for Musical Expression},
	Title = {SensorChimes: Musical Mapping for Sensor Networks},
	Year = {2016}}

@article{tidviz,
	Author = {QianSheng Li and Gershon Dublon and Brian Mayton and Joseph A. Paradiso},
	Date-Added = {2016-08-19 05:44:13 +0000},
	Date-Modified = {2016-08-19 05:45:20 +0000},
	Journal = {IEEE VIS},
	Title = {MarshVis: Visualizing Real-Time and Historical Ecological Data from a Wireless Sensor Network},
	Year = {2015}}

@unpublished{alljoyn,
	Date-Added = {2016-08-19 05:39:44 +0000},
	Date-Modified = {2016-08-20 02:32:43 +0000},
	Note = {\url{https://allseenalliance.org/framework}},
	Title = {AllJoyn Framework},
	Year = {2011}}

@unpublished{iot,
	Date-Added = {2016-08-19 05:39:20 +0000},
	Date-Modified = {2016-08-20 02:32:12 +0000},
	Note = {\url{https://www.iotivity.org/}},
	Title = {IoTivity Standard},
	Year = {2015}}

@unpublished{hal,
	Date-Added = {2016-08-19 05:37:51 +0000},
	Date-Modified = {2016-08-20 02:31:38 +0000},
	Note = {\url{http://stateless.co/hal_specification.html}},
	Title = {\relax{HAL} - Hypertext Application Language},
	Year = {2013}}

@unpublished{jsonld,
	Date-Added = {2016-08-19 05:37:13 +0000},
	Date-Modified = {2016-08-20 02:31:10 +0000},
	Note = {\url{http://json-ld.org/}},
	Title = {\relax{JSON-LD}},
	Year = {2010}}

@techreport{RDF,
	Author = {RDF Working Group},
	Date-Added = {2016-08-19 05:33:35 +0000},
	Date-Modified = {2016-08-19 05:36:35 +0000},
	Institution = {World Wide Web Consortium},
	Title = {RDF 1.1 Schema, Concepts and Abstract Syntax},
	Url = {https://www.w3.org/RDF/},
	Year = {2014},
	Bdsk-Url-1 = {https://www.w3.org/RDF/}}

@unpublished{hadoop,
	Date-Added = {2016-08-19 05:32:18 +0000},
	Date-Modified = {2016-08-20 02:29:18 +0000},
	Note = {\url{http://hadoop.apache.org/}},
	Title = {Apache Hadoop},
	Year = {2011}}

@unpublished{django,
	Date-Added = {2016-08-19 05:31:41 +0000},
	Date-Modified = {2016-08-20 02:28:08 +0000},
	Note = {\url{https://www.djangoproject.com/}},
	Title = {Django Framework},
	Year = {2005}}

@unpublished{publiclabs,
	Date-Added = {2016-08-19 05:28:44 +0000},
	Date-Modified = {2016-08-20 02:25:46 +0000},
	Note = {\url{https://publiclab.org/}},
	Title = {Public Lab},
	Year = {2010}}

@unpublished{citizenair,
	Date-Added = {2016-08-19 05:28:03 +0000},
	Date-Modified = {2016-08-20 02:25:04 +0000},
	Note = {\url{http://www.citoyenscapteurs.net/2014/03/31/citizenair-io/}},
	Title = {CitizenAir.io},
	Year = {2014}}

@unpublished{airbox,
	Date-Added = {2016-08-19 05:24:53 +0000},
	Date-Modified = {2016-08-20 02:24:32 +0000},
	Note = {\url{http://foobot.io/}},
	Title = {Airbox Lab},
	Year = {2013}}

@unpublished{atmotube,
	Date-Added = {2016-08-19 05:24:12 +0000},
	Date-Modified = {2016-08-20 02:23:47 +0000},
	Note = {\url{http://atmotube.com/}},
	Title = {Atmotube},
	Year = {2015}}

@unpublished{speck,
	Date-Added = {2016-08-19 05:23:32 +0000},
	Date-Modified = {2016-08-20 02:22:56 +0000},
	Note = {\url{https://www.specksensor.com/}},
	Title = {Speck Sensor},
	Year = {2015}}

@unpublished{egg,
	Date-Added = {2016-08-19 05:22:47 +0000},
	Date-Modified = {2016-08-20 02:20:46 +0000},
	Note = {\url{http://airqualityegg.com/}},
	Title = {Air Quality Egg Project},
	Year = {2012}}

@unpublished{uhoo,
	Date-Added = {2016-08-19 04:28:44 +0000},
	Date-Modified = {2016-08-20 02:19:52 +0000},
	Note = {\url{https://uhooair.com/s}},
	Title = {uHoo Indoor Sensor},
	Year = {2016}}

@unpublished{tzoa,
	Date-Added = {2016-08-19 04:27:49 +0000},
	Date-Modified = {2016-08-20 02:18:58 +0000},
	Note = {\url{http://www.tzoa.com}},
	Title = {Tzoa Enviro-Tracker},
	Year = {2014}}

@unpublished{clarity2,
	Date-Added = {2016-08-19 04:27:16 +0000},
	Date-Modified = {2016-08-20 02:18:23 +0000},
	Note = {\url{http://clarity.io}},
	Title = {Clarity PM2.5 Sensor},
	Year = {2014}}

@unpublished{cleanspace,
	Date-Added = {2016-08-19 04:26:02 +0000},
	Date-Modified = {2016-08-20 02:17:07 +0000},
	Note = {\url{https://our.clean.space/}},
	Title = {CleanSpace Project},
	Year = {2016}}

@unpublished{breeze,
	Date-Added = {2016-08-19 04:24:56 +0000},
	Date-Modified = {2016-08-20 02:16:49 +0000},
	Note = {\url{https://breezometer.com/}},
	Title = {BreezoMeter Project},
	Year = {2015}}

@unpublished{elm,
	Date-Added = {2016-08-19 04:23:28 +0000},
	Date-Modified = {2016-08-20 02:15:36 +0000},
	Note = {\url{http://elm.perkinelmer.com/map/}},
	Title = {Elm Project},
	Year = {2013}}

@unpublished{airbeam,
	Date-Added = {2016-08-19 04:22:04 +0000},
	Date-Modified = {2016-08-20 02:16:05 +0000},
	Note = {\url{http://aircasting.org/}},
	Title = {AirBeam Project},
	Year = {2014}}

@article{usense,
	Author = {Giuseppe Anastasi and Paolo Brushci and others},
	Date-Added = {2016-08-19 04:17:26 +0000},
	Date-Modified = {2016-08-19 04:20:58 +0000},
	Journal = {ERCIM News},
	Title = {`U-Sense', A Cooperative Sensing System for Monitoring Air Quality in Urban Areas},
	Year = {2014}}

@unpublished{upod,
	Date-Added = {2016-08-19 04:16:51 +0000},
	Date-Modified = {2016-08-20 02:12:26 +0000},
	Note = {\url{http://mobilesensingtechnology.com/}},
	Title = {UPOD Project},
	Url = {http://mobilesensingtechnology.com/},
	Year = {2016},
	Bdsk-Url-1 = {http://mobilesensingtechnology.com/}}

@unpublished{propeller,
	Date-Added = {2016-08-19 04:15:16 +0000},
	Date-Modified = {2016-08-20 02:12:07 +0000},
	Note = {\url{http://www.propellerhealth.com}},
	Title = {Propeller Health},
	Year = {2010}}

@unpublished{tricorder,
	Date-Added = {2016-08-19 04:14:24 +0000},
	Date-Modified = {2016-08-20 02:10:26 +0000},
	Note = {\url{http://www.tricorderproject.org/}},
	Title = {Tricorder Project},
	Url = {http://www.tricorderproject.org/},
	Year = {2007},
	Bdsk-Url-1 = {http://www.tricorderproject.org/}}

@unpublished{clarity,
	Date-Added = {2016-08-19 04:13:24 +0000},
	Date-Modified = {2016-08-20 02:09:30 +0000},
	Note = {\url{http://clairity.mit.edu/site/html/home.html}},
	Title = {Clairity},
	Year = {2014}}

@article{truss,
	Author = {Brian Mayton and Gershon Dublon and Sebastian Palacios and Joseph Paradiso},
	Date-Added = {2016-08-19 04:03:39 +0000},
	Date-Modified = {2016-08-19 04:06:28 +0000},
	Journal = {IEEE Sensors},
	Pages = {1-4},
	Title = {TRUSS: Tracking Risk with Ubiquitous Smart Sensing},
	Year = {2012}}

@unpublished{wheel,
	Date-Added = {2016-08-19 04:01:12 +0000},
	Date-Modified = {2016-08-20 02:08:30 +0000},
	Note = {\url{http://superpedestrian.com}},
	Title = {Copenhagen Wheel},
	Year = {2009}}

@unpublished{aclima,
	Date-Added = {2016-08-19 04:00:14 +0000},
	Date-Modified = {2016-08-20 02:07:06 +0000},
	Note = {\url{http://aclima.io}},
	Title = {Aclima},
	Year = {2010}}

@unpublished{safecast,
	Date-Added = {2016-08-19 03:58:22 +0000},
	Date-Modified = {2016-08-20 02:04:15 +0000},
	Note = {\url{http://www.safecast.org}},
	Title = {Safecast},
	Year = {2011}}

@article{logistic,
	Author = {M. Strano and B.M. Colosimo},
	Date-Added = {2016-08-19 01:45:17 +0000},
	Date-Modified = {2016-08-19 01:46:32 +0000},
	Journal = {International Journal of Machine Tools and Manufacture},
	Number = {6},
	Pages = {673-682},
	Title = {Logistic Regression Analysis for Experimental Determination of Forming Limit Diagrams},
	Volume = {46},
	Year = {2006}}

@unpublished{tidmarsh,
	Author = {\relax{Responsive Environments, MIT Media Lab}},
	Date-Added = {2016-08-19 01:34:38 +0000},
	Date-Modified = {2016-08-20 02:00:25 +0000},
	Note = {\url{http://tidmarsh.media.mit.edu/}},
	Title = {Tidmarsh Project},
	Year = {2013}}

@techreport{scaqmd,
	Date-Added = {2016-08-19 01:15:04 +0000},
	Date-Modified = {2016-08-19 01:15:56 +0000},
	Institution = {South Coast Air Quality Management District},
	Title = {Air Quality Sensor Performance Evaluation Center},
	Url = {http://www.aqmd.gov/aq-spec},
	Year = {2015},
	Bdsk-Url-1 = {http://www.aqmd.gov/aq-spec}}

@unpublished{khan2015,
	Author = {Natasha Khan},
	Date-Added = {2016-08-19 01:11:33 +0000},
	Date-Modified = {2016-08-20 02:37:19 +0000},
	Note = {PublicSource News, \url{http://publicsource.org/investigations/are-cheap-sensors-and-concerned-citizens-leading-shift-air-monitoring}},
	Title = {Are cheap sensors and concerned citizens leading to a shift in air monitoring?},
	Year = {2015}}

@unpublished{london2016,
	Author = {Matt Burgess},
	Date-Added = {2016-08-19 01:01:27 +0000},
	Date-Modified = {2016-08-20 02:37:40 +0000},
	Journal = {Wired},
	Note = {Wired News, \url{http://www.wired.co.uk/article/london-pollution-pigeon-air-patrol}},
	Title = {London gets a flock of air pollution monitoring pigeons},
	Year = {2016}}

@article{hasen2011,
	Author = {David Hasenfratz and Olga Saukh and others},
	Date-Added = {2016-08-19 00:57:08 +0000},
	Date-Modified = {2016-08-19 00:58:46 +0000},
	Journal = {Presented at the Nano-Tera Annual Plenary Meeting in Bern},
	Title = {OpenSense Zurich: A System for Monitoring Air Pollution},
	Year = {2011}}

@unpublished{sck,
	Date-Added = {2016-08-19 00:53:34 +0000},
	Date-Modified = {2016-08-20 02:39:11 +0000},
	Note = {\url{https://smartcitizen.me}},
	Title = {SmartCitizen Sensor},
	Year = {2013}}

@article{chainPaper,
	Author = {Spencer Russell and Joseph Paradiso},
	Date-Added = {2016-08-19 00:44:30 +0000},
	Date-Modified = {2016-08-19 00:46:49 +0000},
	Journal = {Proceedings of the 11th International Conference on Mobile and Ubiquitous Systems: Computing, Networking and Services},
	Pages = {30-39},
	Title = {Hypermedia APIs for Sensor Data: A pragmatic approach to the Web of Things},
	Year = {2014}}

@unpublished{chainGit,
	Author = {Spencer Russell},
	Date-Added = {2016-08-19 00:42:43 +0000},
	Date-Modified = {2016-08-20 01:59:08 +0000},
	Note = {\url{https://github.com/ResEnv/chain-api}},
	Title = {ChainAPI Repository},
	Year = {2014}}

@article{haze2013,
	Author = {Vijay Sivaraman and James Carrapetta and others},
	Date-Added = {2016-08-19 00:39:02 +0000},
	Date-Modified = {2016-08-19 22:23:38 +0000},
	Journal = {Eighth IEEE Workshop on Practical Issues in Building Sensor Network Applications},
	Pages = {56-64},
	Title = {HazeWatch: A Participatory Sensor System for Monitoring Air Pollution in Sydney},
	Year = {2013}}

@article{cheng2014,
	Author = {Yun Cheng and Xiucheng Li and others},
	Date-Added = {2016-08-19 00:33:29 +0000},
	Date-Modified = {2016-08-19 22:15:15 +0000},
	Journal = {SENSYS},
	Rss-Description = {@inproceedings{Cheng2014AirCloudAC,
  title={AirCloud: a cloud-based air-quality monitoring system for everyone},
  author={Yun Cheng and Xiucheng Li and Zhijun Li and Shouxu Jiang and Yilong Li and Ji Jia and Xiaofan Jiang},
  booktitle={SENSYS},
  year={2014}
}},
	Title = {AirCloud: a cloud-based air-quality monitoring system for everyone},
	Year = {2014}}

@article{dutta2009,
	Author = {Prabal Dutta and Paul M. Aoki and others},
	Date-Added = {2016-08-19 00:26:42 +0000},
	Date-Modified = {2016-08-19 00:30:00 +0000},
	Journal = {Proceedings of the 7th ACM conference on embedded networked sensor systems},
	Title = {Common Sense: Participatory Urban Sensing Using a Network of Handheld Air Quality Monitors},
	Year = {2009}}

@article{mor2010,
	Author = {Alexandra Moraru and Marko Pesko and Maria Porcius and Carolina Fortuna and Dunja Mladenic},
	Date-Added = {2016-08-19 00:21:46 +0000},
	Date-Modified = {2016-08-19 00:25:21 +0000},
	Journal = {Journal of Computing and Information Technology},
	Number = {4},
	Pages = {341-347},
	Title = {Using Machine Learning on Sensor Data},
	Volume = {18},
	Year = {2010}}

@article{smith2013,
	Author = {Matt Smith and Charles Castello and Joshua New},
	Date-Added = {2016-08-19 00:17:52 +0000},
	Date-Modified = {2016-08-19 00:20:53 +0000},
	Journal = {12th International Conference on Machine Learning and Applications (ICMLA)},
	Pages = {305-308},
	Title = {Machine Learning Techniques Applied to Sensor Data Correction in Building Technologies},
	Year = {2013}}

@article{ahmad2010,
	Author = {Sajjad Ahmad and Ajay Kalra and Haroon Stephen},
	Date-Added = {2016-08-19 00:15:21 +0000},
	Date-Modified = {2016-08-19 00:16:59 +0000},
	Journal = {Advances in Water Resources},
	Number = {1},
	Pages = {69-80},
	Title = {Estimating Soil Moisture Using Remote Sensing Data: A Machine Learning Approach},
	Volume = {33},
	Year = {2010}}

@article{molenar2005,
	Author = {John V. Molenar},
	Date-Added = {2016-08-19 00:06:11 +0000},
	Date-Modified = {2016-08-19 21:58:15 +0000},
	Journal = {Colorado State University Press},
	Title = {Theoretical Analysis of PM2.5 Mass Measurements by Nephelometry - \#110},
	Year = {2005}}

@unpublished{personal2015,
	Author = {personal communication},
	Date-Added = {2016-08-18 22:56:51 +0000},
	Date-Modified = {2016-08-19 22:08:40 +0000},
	Title = {\relax{Dr. Jesse Kroll and David Hagan, MIT Department of Civil and Environmental Engineering}}}

@techreport{scaqmd2015,
	Author = {Air Quality Sensor Performance Evaluation Center},
	Date-Added = {2016-08-18 21:18:01 +0000},
	Date-Modified = {2016-08-18 21:20:11 +0000},
	Institution = {South Coast Air Quality Management District},
	Title = {Field Evaluation AlphaSense OPC-N2 Sensor},
	Url = {http://www.aqmd.gov/docs/default-source/aq-spec/field-evaluations/alphasense-opc-n2---field-evaluation.pdf},
	Year = {2015s},
	Bdsk-Url-1 = {http://www.aqmd.gov/docs/default-source/aq-spec/field-evaluations/alphasense-opc-n2---field-evaluation.pdf}}

@article{hasen2012_2,
	Author = {Hasenfratz, David and others},
	Date-Added = {2016-08-08 04:16:04 +0000},
	Date-Modified = {2016-08-09 23:03:16 +0000},
	Journal = {Mobile Sensing},
	Title = {Participatory Air Pollution Monitoring Using Smartphones},
	Year = {2012}}

@inproceedings{saukh2015,
	Author = {Saukh, Olga and David Hasenfratz and Lothar Thiele},
	Booktitle = {Proceedings of the 14th International Conference on Information Processing in Sensor Networks},
	Date-Added = {2016-08-08 04:13:48 +0000},
	Date-Modified = {2016-08-08 04:15:42 +0000},
	Title = {Reducing Multi-Hop Calibration Errors in Large-Scale Mobile Sensor Networks},
	Year = {2015}}

@article{hasen2012,
	Author = {Hasenfratz, David and Olga Saukh and Lothar Thiele},
	Date-Added = {2016-08-08 04:11:05 +0000},
	Date-Modified = {2016-08-08 04:13:17 +0000},
	Journal = {Wireless Sensor Networks},
	Pages = {228-244},
	Title = {On-the-Fly Calibration of Low-Cost Gas Sensors},
	Year = {2012}}

@article{wang2008,
	Author = {Wang, Yungang and others},
	Date-Added = {2016-08-08 04:09:17 +0000},
	Date-Modified = {2016-08-09 23:03:54 +0000},
	Journal = {Journal of the Air & Waste Management Association},
	Number = {11},
	Pages = {1449-1457},
	Title = {Roadside Measurements of Ultrafine Particles at a Busy Urban Intersection},
	Volume = {58},
	Year = {2008}}

@article{goel2014,
	Author = {Goel, Anju and Prashant Kumar},
	Date-Added = {2016-08-08 04:07:26 +0000},
	Date-Modified = {2016-08-08 04:09:12 +0000},
	Journal = {Atmospheric Environment},
	Pages = {316-331},
	Title = {A Review of Fundamental Drivers Governing the Emissions, Dispersion and Exposure to Vehicle-Emitted Nanoparticles at Signalised Traffic Intersections},
	Volume = {97},
	Year = {2014}}

@article{delga2012,
	Author = {Delgado-Saborit, Juana Maria},
	Date-Added = {2016-08-08 04:05:40 +0000},
	Date-Modified = {2016-08-08 04:06:52 +0000},
	Journal = {Journal of Environmental Monitoring},
	Number = {7},
	Pages = {1824-1837},
	Title = {Use of Real-Time Sensors to Characterise Human Exposures to Combustion Related Pollutants},
	Volume = {14},
	Year = {2012}}

@article{lai2004,
	Author = {Lai, H. K. and others},
	Date-Added = {2016-08-08 04:04:28 +0000},
	Date-Modified = {2016-08-09 23:03:29 +0000},
	Journal = {Atmospheric Environment},
	Number = {37},
	Pages = {6399-6410},
	Title = {Personal Exposures and Microenvironment Concentrations of PM 2.5, VOC, NO 2 and CO in Oxford, UK},
	Volume = {38},
	Year = {2004}}

@article{hoek2008,
	Author = {Hoek, Gerard and others},
	Date-Added = {2016-08-08 04:02:26 +0000},
	Date-Modified = {2016-08-09 23:01:32 +0000},
	Journal = {Atmospheric Environment},
	Number = {33},
	Pages = {7561-7578},
	Title = {A Review of Land-Use Regression Models to Assess Spatial Variation of Outdoor Air Pollution},
	Volume = {42},
	Year = {2008}}

@article{adams2009,
	Author = {Adams, Colby and Philip Riggs and John Volckens},
	Date-Added = {2016-08-08 04:00:18 +0000},
	Date-Modified = {2016-08-08 04:02:18 +0000},
	Journal = {Journal of Environmental Monitoring},
	Number = {7},
	Pages = {1331-1339},
	Title = {Development of a Method for Personal, Spatiotemporal Exposure Assessment},
	Volume = {11},
	Year = {2009}}

@article{batt2014,
	Author = {Batterman, Stuart and Sarah Chambliss and Vlad Isakov},
	Date-Added = {2016-08-08 03:57:01 +0000},
	Date-Modified = {2016-08-08 04:00:13 +0000},
	Journal = {Atmospheric Environment},
	Pages = {518-528},
	Title = {Spatial Resolution Requirements for Traffic-Related Air Pollutant Exposure Evaluations},
	Volume = {94},
	Year = {2014}}

@article{kaur2007,
	Author = {Kaur, Soni and Mark J. Nieuwenhuijsen and Roy N. Colvile},
	Date-Added = {2016-08-08 03:54:36 +0000},
	Date-Modified = {2016-08-08 03:56:52 +0000},
	Journal = {Atmospheric Environment},
	Number = {23},
	Pages = {4781-4810},
	Title = {Fine Particulate Matter and Carbon Monoxide Exposure Concentrations in Urban Street Transport Microenvironments},
	Volume = {41},
	Year = {2007}}

@article{raw2014,
	Author = {Rakowska, Agata and others},
	Date-Added = {2016-08-08 03:53:10 +0000},
	Date-Modified = {2016-08-09 23:02:32 +0000},
	Journal = {Atmospheric Environment},
	Pages = {260-270},
	Title = {Impact of traffic volume and composition on the air quality and pedestrian exposure in urban street canyon},
	Volume = {98},
	Year = {2014}}

@article{xie2003,
	Author = {Xie, Shaodong and others},
	Date-Added = {2016-08-08 03:52:04 +0000},
	Date-Modified = {2016-08-09 23:04:06 +0000},
	Journal = {Atmospheric Environment},
	Number = {23},
	Pages = {3213-3224},
	Title = {Spatial distribution of traffic-related pollutant concentrations in street canyons},
	Volume = {37},
	Year = {2003}}

@article{vard2003,
	Author = {Vardoulakis, Sotiris and others},
	Date-Added = {2016-08-08 03:50:54 +0000},
	Date-Modified = {2016-08-09 23:02:45 +0000},
	Journal = {Atmospheric Environment},
	Number = {2},
	Pages = {155-182},
	Title = {Modelling Air Quality in Street Canyons: A Review},
	Volume = {37},
	Year = {2003}}

@inproceedings{hasen2014,
	Author = {Hasenfratz, David and others},
	Booktitle = {2014 IEEE International Conference on Pervasive Computing and Communications (PerCom)},
	Date-Added = {2016-08-08 03:48:34 +0000},
	Date-Modified = {2016-08-09 23:03:36 +0000},
	Title = {Pushing the Spatio-Temporal Resolution Limit of Urban Air Pollution Maps},
	Year = {2014}}

@article{steinle2013,
	Author = {Steinle, Susanne and Stefan Reis and Clive Eric Sabel},
	Date-Added = {2016-08-08 03:44:32 +0000},
	Date-Modified = {2016-08-08 03:48:16 +0000},
	Journal = {Science of the Total Environment},
	Pages = {184-193},
	Title = {Quantifying Human Exposure to Air Pollution---Moving from Static Monitoring to Spatio-Temporally Resolved Personal Exposure Assessment},
	Volume = {443},
	Year = {2013}}

@techreport{alpha2014,
	Author = {{\relax Alphasense Application Note}},
	Date-Added = {2016-08-08 03:37:37 +0000},
	Date-Modified = {2016-08-19 22:11:59 +0000},
	Lastchecked = {2014},
	Title = {{\relax AAN} 104: How Electrochemical Gas Sensors Work},
	Url = {http://www.alphasense.com/WEB1213/wp-content/uploads/2013/07/AAN_104.pdf},
	Year = {2014},
	Bdsk-Url-1 = {http://www.alphasense.com/WEB1213/wp-content/uploads/2013/07/AAN_104.pdf}}

@article{compact2011,
	Author = {\relax{Compact, Low Cost Particle Sensor. Roger L Unger, assignee. Patent US 8009290 B2. 30 Aug. 2011. Print.}},
	Date-Added = {2016-08-08 02:44:21 +0000},
	Date-Modified = {2016-08-19 22:08:03 +0000},
	Bdsk-File-1 = {YnBsaXN0MDDUAQIDBAUGJCVYJHZlcnNpb25YJG9iamVjdHNZJGFyY2hpdmVyVCR0b3ASAAGGoKgHCBMUFRYaIVUkbnVsbNMJCgsMDxJXTlMua2V5c1pOUy5vYmplY3RzViRjbGFzc6INDoACgAOiEBGABIAFgAdccmVsYXRpdmVQYXRoWWFsaWFzRGF0YV8QJi4uLy4uLy4uLy4uL0Rvd25sb2Fkcy9VUzgwMDkyOTAuYmlidGV40hcLGBlXTlMuZGF0YU8RAZAAAAAAAZAAAgAADE1hY2ludG9zaCBIRAAAAAAAAAAAAAAAAAAAANBcCSdIKwAAAAlAXxBVUzgwMDkyOTAuYmlidGV4AAAAAAAAAAAAAAAAAAAAAAAAAAAAAAAAAAAAAAAAAAAAAAAAAAAAAAAAAAAAAAAD2gtR081zBgAAAAAAAAAAAAQAAgAACSAAAAAAAAAAAAAAAAAAAAAJRG93bmxvYWRzAAAQAAgAANBcQWcAAAARAAgAANPNq0YAAAABAAwACUBfAAlAXAACk9UAAgA8TWFjaW50b3NoIEhEOlVzZXJzOgBkYXZpZHJhbXNheToARG93bmxvYWRzOgBVUzgwMDkyOTAuYmlidGV4AA4AIgAQAFUAUwA4ADAAMAA5ADIAOQAwAC4AYgBpAGIAdABlAHgADwAaAAwATQBhAGMAaQBuAHQAbwBzAGgAIABIAEQAEgAsVXNlcnMvZGF2aWRyYW1zYXkvRG93bmxvYWRzL1VTODAwOTI5MC5iaWJ0ZXgAEwABLwAAFQACABL//wAAgAbSGxwdHlokY2xhc3NuYW1lWCRjbGFzc2VzXU5TTXV0YWJsZURhdGGjHR8gVk5TRGF0YVhOU09iamVjdNIbHCIjXE5TRGljdGlvbmFyeaIiIF8QD05TS2V5ZWRBcmNoaXZlctEmJ1Ryb290gAEACAARABoAIwAtADIANwBAAEYATQBVAGAAZwBqAGwAbgBxAHMAdQB3AIQAjgC3ALwAxAJYAloCXwJqAnMCgQKFAowClQKaAqcCqgK8Ar8CxAAAAAAAAAIBAAAAAAAAACgAAAAAAAAAAAAAAAAAAALG}}

@article{austin2015,
	Author = {Austin, Elena and others},
	Date-Added = {2016-08-08 02:41:55 +0000},
	Date-Modified = {2016-08-09 23:02:39 +0000},
	Journal = {PloS one},
	Number = {9},
	Pages = {e0137789},
	Title = {Laboratory Evaluation of the Shinyei PPD42NS Low-Cost Particulate Matter Sensor},
	Volume = {10},
	Year = {2015}}

@article{prabakar2015,
	Author = {Prabakar, Jayakarthigeyan and others},
	Date-Added = {2016-08-08 02:39:44 +0000},
	Date-Modified = {2016-08-09 23:02:11 +0000},
	Journal = {International Journal of Innovative Research in Science, Engineering, and Technology},
	Number = {2},
	Pages = {366-369},
	Title = {Evaluation of Low Cost Particulate Matter Sensor for Indoor Air Quality Measurement},
	Volume = {4},
	Year = {2015}}

@manual{williams2014,
	Author = {Williams, Ron and others},
	Date-Added = {2016-08-08 02:29:06 +0000},
	Date-Modified = {2016-08-19 22:05:31 +0000},
	Organization = {EPA Evaluation Report \relax{EPA/600/R-14/464}},
	Title = {Evaluation of Field-deployed Low Cost PM Sensors},
	Year = {2014}}

@conference{morpurgo2012,
	Author = {Morpurgo, Anna and Federico Pedersini and Alessandro Reina},
	Booktitle = {2012 IEEE International},
	Date-Added = {2016-08-08 02:23:09 +0000},
	Date-Modified = {2016-08-08 02:28:04 +0000},
	Journal = {Instrumentation and Measurement Technology Conference (I2MTC)},
	Title = {A Low-Cost Instrument for Environmental Particulate Analysis Based on Optical Scattering},
	Year = {2012}}

@inbook{dep1999,
	Chapter = {5: Methods for Monitoring Particulate Concentration},
	Date-Added = {2016-08-08 02:18:55 +0000},
	Date-Modified = {2016-08-19 21:56:36 +0000},
	Publisher = {Department for Environment, Food, and Rural Affairs},
	Title = {Particulate Matter in the UK},
	Year = {1999}}

@unpublished{epa2014,
	Author = {Environmental Protection Agency},
	Date-Added = {2016-08-08 01:52:30 +0000},
	Date-Modified = {2016-08-08 02:18:29 +0000},
	Title = {National Air Quality and Emissions Trends Report},
	Year = {2014}}

@article{schwartz2005,
	Author = {Schwartz, Joel and others},
	Date-Added = {2016-08-08 01:49:08 +0000},
	Date-Modified = {2016-08-09 23:04:18 +0000},
	Journal = {Thorax},
	Number = {6},
	Pages = {455-461},
	Title = {Traffic Related Pollution and Heart Rate Variability in a Panel of Elderly Subjects},
	Volume = {60},
	Year = {2005}}

@article{allred1989,
	Author = {Allred, Elizabeth N. and others},
	Date-Added = {2016-08-08 01:46:21 +0000},
	Date-Modified = {2016-08-09 22:56:07 +0000},
	Journal = {New England Journal of Medicine},
	Number = {21},
	Pages = {1426-1432},
	Title = {Short-Term Effects of Carbon Monoxide Exposure on the Exercise Performance of Subjects with Coronary Artery Disease.},
	Volume = {321},
	Year = {1989}}

@article{filley1954,
	Author = {Filley, Giles F. and Donald J. MacIntosh and George W. Wright},
	Date-Added = {2016-08-08 01:38:13 +0000},
	Date-Modified = {2016-08-08 01:46:00 +0000},
	Journal = {Journal of Clinical Investigation},
	Number = {4},
	Pages = {530},
	Title = {Carbon Monoxide Uptake and Pulmonary Diffusing Capacity in Normal Subjects at Rest and During Exercise.},
	Volume = {33},
	Year = {1954}}

@url{who2014_2,
	Author = {{\relax WHO Report}},
	Date-Added = {2016-08-08 01:36:14 +0000},
	Date-Modified = {2016-08-19 21:54:23 +0000},
	Title = {Burden of Disease from Air Pollution 2012},
	Url = {http://www.who.int/phe/health_topics/outdoorair/databases/FINAL_HAP_AAP_BoD_24March2014.pdf?ua=1},
	Year = {2014},
	Bdsk-Url-1 = {http://www.who.int/phe/health_topics/outdoorair/databases/FINAL_HAP_AAP_BoD_24March2014.pdf?ua=1}}

@url{who2014,
	Author = {{\relax WHO News Release}},
	Date-Added = {2016-08-08 01:16:30 +0000},
	Date-Modified = {2016-08-09 22:57:53 +0000},
	Institution = {World Health Organization},
	Month = {March},
	Read = {0},
	Title = {7 million Premature Deaths Annually Linked to Air Pollution.},
	Url = {http://www.who.int/mediacentre/news/releases/2014/air-pollution/en/},
	Year = {2014},
	Bdsk-Url-1 = {http://www.who.int/mediacentre/news/releases/2014/air-pollution/en/}}
